%%%%%%%%%%%%%%%%%%%%%%%%%%%%%%%%%%%%%%%%%%%%%%%%%%%%%%%%%%%%%%%%
%% Bibliography for the RSAT tutorials

@article{Thomas-Chollier:2011:W86-91,
   author = {Thomas-Chollier, M. and Defrance, M. and Medina-Rivera, A. and Sand, O. and Herrmann, C. and Thieffry, D. and van Helden, J.},
   title = {RSAT 2011: regulatory sequence analysis tools},
   journal = {Nucleic Acids Res},
   volume = {39},
   number = {Web Server issue},
   pages = {W86-91},
   year = {2011}
}



@article{Thomas-Chollier:2008:W119-27,
   Author = {Thomas-Chollier, M. and Sand, O. and Turatsinze, J. V. and Janky, R. and Defrance, M. and Vervisch, E. and Brohee, S. and van Helden, J.},
   Title = {RSAT: regulatory sequence analysis tools},
   Journal = {Nucleic Acids Res},
   Volume = {36},
   Number = {Web Server issue},
   Pages = {W119-27},
   Year = {2008} 
}

@article{vanHelden:2003:3593-6,
   Author = {van Helden, J.},
   Title = {Regulatory sequence analysis tools},
   Journal = {Nucleic Acids Res},
   Volume = {31},
   Number = {13},
   Pages = {3593-6},
   Year = {2003} 
}

@article{vanHelden:2000:177-87,
   Author = {van Helden, J. and Andre, B. and Collado-Vides, J.},
   Title = {A web site for the computational analysis of yeast regulatory sequences},
   Journal = {Yeast},
   Volume = {16},
   Number = {2},
   Pages = {177-87},
   Year = {2000} 
}

@article{Defrance:2009,
   Author = {Defrance, M. and Helden, J. V.},
   Title = {Info-gibbs: a motif discovery algorithm that directly optimizes information content during sampling},
   Journal = {Bioinformatics},
   Year = {2009} 
}

@article{Sand:2009,
   Author = {Sand, O. and Thomas-Chollier, M. and van Helden, J.},
   Title = {Retrieve-ensembl-seq: user-friendly and large-scale retrieval of single or multi-genome sequences from Ensembl},
   Journal = {Bioinformatics},
   Year = {2009} 
}



